@article{docker2020docker,
  title={Docker},
  author={Docker, Inc},
  journal={l{\i}nea].[Junio de 2017]. Disponible en: https://www. docker. com/what-docker},
  year={2020}
}

@article{combe2016docker,
  title={To docker or not to docker: A security perspective},
  author={Combe, Theo and Martin, Antony and Di Pietro, Roberto},
  journal={IEEE Cloud Computing},
  volume={3},
  number={5},
  year={2016},
  publisher={IEEE}
}

@article{anderson2015docker,
  title={Docker [software engineering]},
  author={Anderson, Charles},
  journal={Ieee Software},
  volume={32},
  number={3},
  year={2015},
  publisher={IEEE}
}

@manual{oetiket2007lshort,
    author = {Oetiket, T. and Partl, H. and Hyna and Schlegl, E.},
    title = {The not-so-short introduction to Latex},
    url = {http://www.ctan.org/tex-archive/info/lshort/english/lshort.pdf}
}

@Manual{downes2002shortams,
  title = 	 {{Short Math Guide for \LaTeX{}}},
  author = 	 {Downes,, Michael},
  organization = {American Mathematical Society},
  year = 	 {2002},
  url = 	 {ftp://ftp.ams.org/pub/tex/doc/amsmath/short-math-guide.pdf}
}

@Book{ungar2002uvod,
  author = 	 {Šime Ungar},
  title = 	 {{Uvod u \TeX{} s naglaskom na \LaTeX 2$\epsilon$}},
  publisher = 	 {Odjel za matematiku, Sveučilište J.J.\ Strossmayera u Osijeku},
  year = 	 {2002}
}

@book{antonopoulos2018mastering,
  title={Mastering ethereum: building smart contracts and dapps},
  author={Antonopoulos, Andreas M and Wood, Gavin},
  year={2018},
  publisher={O'reilly Media}
}

@article{wood2014ethereum,
  title={Ethereum: A secure decentralised generalised transaction ledger},
  author={Wood, Gavin and others},
  journal={Ethereum project yellow paper},
  volume={151},
  number={2014},
  year={2014}
}

@book{antonopoulos2014mastering,
  title={Mastering Bitcoin: unlocking digital cryptocurrencies},
  author={Antonopoulos, Andreas M},
  year={2014},
  publisher={" O'Reilly Media, Inc."}
}

@article{buterin2013proof,
  title={What proof of stake is and why it matters},
  author={Buterin, Vitalik},
  journal={Bitcoin Magazine},
  volume={26},
  year={2013}
}

@article{vogelsteller2015erc,
  title={ERC-20 token standard},
  author={Vogelsteller, Fabian and Buterin, Vitalik},
  journal={Ethereum Foundation (Stiftung Ethereum), Zug, Switzerland},
  year={2015}
}

@article{buterin2014daos,
  title={DAOs, DACs, DAs and more: An incomplete terminology guide},
  author={Buterin, Vitalik},
  journal={Ethereum Blog},
  volume={6},
  year={2014}
}

@article{wilkinson2014storj,
  title={Storj a peer-to-peer cloud storage network},
  author={Wilkinson, Shawn and Boshevski, Tome and Brandoff, Josh and Buterin, Vitalik},
  journal={Citeseer: Princeton, NJ, USA},
  year={2014}
}

@misc{buterin2013ethereum,
  title={Ethereum whitepaper: A next-generation smart contract and decentralized application platform [White Paper]},
  author={Buterin, V},
  year={2013}
}

@article{zohar2015bitcoin,
  title={Bitcoin: under the hood},
  author={Zohar, Aviv},
  journal={Communications of the ACM},
  volume={58},
  number={9},
  year={2015},
  publisher={ACM New York, NY, USA}
}

@inproceedings{brunjes2020utxo,
  title={UTxO-vs account-based smart contract blockchain programming paradigms},
  author={Br{\"u}njes, Lars and Gabbay, Murdoch J},
  booktitle={Leveraging Applications of Formal Methods, Verification and Validation: Applications: 9th International Symposium on Leveraging Applications of Formal Methods, ISoLA 2020, Rhodes, Greece, October 20--30, 2020, Proceedings, Part III 9},
  year={2020},
  organization={Springer}
}

@inproceedings{worley2018blockchain,
  title={Blockchain tradeoffs and challenges for current and emerging applications: generalization, fragmentation, sidechains, and scalability},
  author={Worley, Carl and Skjellum, Anthony},
  booktitle={2018 IEEE International Conference on Internet of Things (iThings) and IEEE Green Computing and Communications (GreenCom) and IEEE Cyber, Physical and Social Computing (CPSCom) and IEEE Smart Data (SmartData)},
  year={2018},
  organization={IEEE}
}

@inproceedings{kiayias2017ouroboros,
  title={Ouroboros: A provably secure proof-of-stake blockchain protocol},
  author={Kiayias, Aggelos and Russell, Alexander and David, Bernardo and Oliynykov, Roman},
  booktitle={Advances in Cryptology--CRYPTO 2017: 37th Annual International Cryptology Conference, Santa Barbara, CA, USA, August 20--24, 2017, Proceedings, Part I},
  year={2017},
  organization={Springer}
}

@article{king2012ppcoin,
  title={Ppcoin: Peer-to-peer crypto-currency with proof-of-stake},
  author={King, Sunny and Nadal, Scott},
  journal={self-published paper, August},
  volume={19},
  number={1},
  year={2012}
}

@article{larimer2013transactions,
  title={Transactions as proof-of-stake},
  author={Larimer, Daniel},
  journal={Nov-2013},
  volume={909},
  year={2013}
}

@inproceedings{psaras2020interplanetary,
  title={The interplanetary file system and the filecoin network},
  author={Psaras, Yiannis and Dias, David},
  booktitle={2020 50th Annual IEEE-IFIP International Conference on Dependable Systems and Networks-Supplemental Volume (DSN-S)},
  year={2020},
  organization={IEEE}
}

@incollection{bauer2022filecoin,
  title={Filecoin},
  author={Bauer, Davi Pedro},
  booktitle={Getting Started with Ethereum: A Step-by-Step Guide to Becoming a Blockchain Developer},
  year={2022},
  publisher={Springer}
}

@article{wursten2022filecoin,
  title={Filecoin Consensus},
  author={W{\"u}rsten, Marcel and Cachin, Christian},
  year={2022}
}

@article{barbiancardano,
  title={The Cardano Proof-of-Stake Protocol “Ouroboros”},
  author={Barbian, Guido and Mellentin, Florian}
}

@article{kucci2021proof,
  title={Proof-of-stake blockchain: Ouroboros},
  author={Ku{\c{c}}i, Arb{\"e}r and Cachin, Christian and Marson, Giorgia Azzurra},
  year={2021}
}

@article{chohan2021non,
  title={Non-fungible tokens: Blockchains, scarcity, and value},
  author={Chohan, Usman W},
  journal={Critical Blockchain Research Initiative (CBRI) Working Papers},
  year={2021}
}

@article{kugler2021non,
  title={Non-fungible tokens and the future of art},
  author={Kugler, Logan},
  journal={Communications of the ACM},
  volume={64},
  number={9},
  year={2021},
  publisher={ACM New York, NY, USA}
}

@article{idelberger2022non,
  title={Non-fungible tokens},
  author={Idelberger, Florian and Mezei, P{\'e}ter},
  journal={Internet Policy Review},
  volume={11},
  number={2},
  year={2022}
}

@incollection{bauer2022erc,
  title={ERC-721 Nonfungible Tokens},
  author={Bauer, Davi Pedro},
  booktitle={Getting Started with Ethereum: A Step-by-Step Guide to Becoming a Blockchain Developer},
  year={2022},
  publisher={Springer}
}

@article{articlesimplifieddiagram,
    author = {Bosu, Amiangshu and Iqbal, Anindya and Shahriyar, Rifat and Chakraborty, Partha},
    year = {2019},
    month = {08},
    title = {Understanding the motivations, challenges and needs of Blockchain software developers: a survey},
    volume = {24},
    journal = {Empirical Software Engineering},
    doi = {10.1007/s10664-019-09708-7}
}

@misc{blogcsdnnet,
  author = {},
  title = {UTXO model},
  url = {https://blog.csdn.net/liudaoqiang_tj/article/details/81545002},
  urldate = {2023-06-20}
}

@misc{dockervolmedium,
  author = {Edouard Courty},
  title = {How to use volumes to share data between Docker containers},
  url = {https://medium.com/@edouard.courty/how-to-use-volumes-to-share-data-between-docker-containers-e4f42708ef16},
  urldate = {2023-06-20}
}

@article{schar2021decentralized,
  title={Decentralized finance: On blockchain-and smart contract-based financial markets},
  author={Sch{\"a}r, Fabian},
  journal={FRB of St. Louis Review},
  year={2021}
}

@article{wang2021non,
  title={Non-fungible token (NFT): Overview, evaluation, opportunities and challenges},
  author={Wang, Qin and Li, Rujia and Wang, Qi and Chen, Shiping},
  journal={arXiv preprint arXiv:2105.07447},
  year={2021}
}

@article{ante2022non,
  title={Non-fungible token (NFT) markets on the Ethereum blockchain: Temporal development, cointegration and interrelations},
  author={Ante, Lennart},
  journal={Economics of Innovation and New Technology},
  year={2022},
  publisher={Taylor \& Francis}
}

@article{ante2022nona,
  title={The non-fungible token (NFT) market and its relationship with Bitcoin and Ethereum},
  author={Ante, Lennart},
  journal={FinTech},
  volume={1},
  number={3},
  year={2022},
  publisher={MDPI}
}

@inproceedings{kerber2019ouroboros,
  title={Ouroboros crypsinous: Privacy-preserving proof-of-stake},
  author={Kerber, Thomas and Kiayias, Aggelos and Kohlweiss, Markulf and Zikas, Vassilis},
  booktitle={2019 IEEE Symposium on Security and Privacy (SP)},
  year={2019},
  organization={IEEE}
}

@inproceedings{lamela2018marlowe,
  title={Marlowe: Financial contracts on blockchain},
  author={Lamela Seijas, Pablo and Thompson, Simon},
  booktitle={Leveraging Applications of Formal Methods, Verification and Validation. Industrial Practice: 8th International Symposium, ISoLA 2018, Limassol, Cyprus, November 5-9, 2018, Proceedings, Part IV 8},
  year={2018},
  organization={Springer}
}
